<?xml version="1.0" encoding="UTF-8"?>
<collection xmlns="http://www.loc.gov/MARC21/slim">
   <record>
      <leader>00000cam a2200000Ma 4500</leader>
      <controlfield tag="008">202104s2006    ii a          000 0 tam d</controlfield>
      <datafield ind1=" " ind2=" " tag="035">
         <subfield code="a">426086773</subfield>
      </datafield>
      <datafield ind1=" " ind2=" " tag="041">
         <subfield code="a">tam</subfield>
      </datafield>
      <datafield ind1="0" ind2="0" tag="245">
         <subfield code="6">880-01</subfield>
         <subfield code="a">aḵk : tēciya virutu peṟṟa kalai ilakkiya ciṟṟitaḻ tokuppu</subfield>
      </datafield>
      <datafield ind1="0" ind2="0" tag="880">
         <subfield code="6">245-01</subfield>
         <subfield code="a">அஃக் : தேசிய விருது பெற்ற கலை இலக்கிய சிற்றிதழ் தொகுப்பு</subfield>
      </datafield>
      <datafield ind1=" " ind2=" " tag="250">
         <subfield code="6">880-02</subfield>
         <subfield code="a">mutaṟ patippu</subfield>
      </datafield>
      <datafield ind1=" " ind2=" " tag="880">
         <subfield code="6">250-02</subfield>
         <subfield code="a">முதற் பதிப்பு</subfield>
      </datafield>
      <datafield ind1=" " ind2=" " tag="260">
         <subfield code="6">880-03</subfield>
         <subfield code="b">cantiyā patippakam</subfield>
         <subfield code="a">ceṉṉai</subfield>
         <subfield code="a">Chennai</subfield>
         <subfield code="c">2006</subfield>
      </datafield>
      <datafield ind1=" " ind2=" " tag="880">
         <subfield code="6">260-03</subfield>
         <subfield code="b">சந்தியா பதிப்பகம்</subfield>
         <subfield code="a">சென்னை</subfield>
      </datafield>
      <datafield ind1=" " ind2=" " tag="300">
         <subfield code="a">736 pages</subfield>
         <subfield code="b">illustrations</subfield>
         <subfield code="c">22 cm</subfield>
      </datafield>
      <datafield ind1=" " ind2=" " tag="520">
         <subfield code="a">தேசிய விருது பெற்ற கலை இலக்கிய சிற்றிதழ் தொகுப்பு.</subfield>
      </datafield>
      <datafield ind1=" " ind2=" " tag="653">
         <subfield code="a">Tamil literature.</subfield>
      </datafield>
      <datafield ind1="1" ind2=" " tag="700">
         <subfield code="6">880-04</subfield>
         <subfield code="a">parantāmaṉ, eṉ.</subfield>
         <subfield code="e">tokuppāciriyar</subfield>
         <subfield code="e">editor</subfield>
      </datafield>
      <datafield ind1="1" ind2=" " tag="880">
         <subfield code="6">700-04</subfield>
         <subfield code="a">பரந்தாமன், என்.</subfield>
         <subfield code="e">தொகுப்பாசிரியர்</subfield>
      </datafield>
      <datafield ind1=" " ind2=" " tag="949">
         <subfield code="a">31761111570297</subfield>
      </datafield>
   </record>