
   <record>
      <leader>00000cam a2200000Ma 4500</leader>
      <controlfield tag="008">202104s1998    ii a          000 0 tam d</controlfield>
      <datafield ind1=" " ind2=" " tag="035">
         <subfield code="a">423047283</subfield>
      </datafield>
      <datafield ind1=" " ind2=" " tag="041">
         <subfield code="a">tam</subfield>
      </datafield>
      <datafield ind1="1" ind2=" " tag="100">
         <subfield code="6">880-01</subfield>
         <subfield code="a">akattiyaliṅkam, cu. po.</subfield>
      </datafield>
      <datafield ind1="1" ind2=" " tag="880">
         <subfield code="6">100-01</subfield>
         <subfield code="a">அகத்தியலிங்கம், சு. பொ.</subfield>
      </datafield>
      <datafield ind1="1" ind2="0" tag="245">
         <subfield code="6">880-02</subfield>
         <subfield code="a">viṭutalait taḻumpukaḷ : intiya cutantira varalāṟu</subfield>
      </datafield>
      <datafield ind1="1" ind2="0" tag="880">
         <subfield code="6">245-02</subfield>
         <subfield code="a">விடுதலைத் தழும்புகள் : இந்திய சுதந்திர வரலாறு</subfield>
      </datafield>
      <datafield ind1=" " ind2=" " tag="250">
         <subfield code="6">880-03</subfield>
         <subfield code="a">mutaṟ patippu</subfield>
      </datafield>
      <datafield ind1=" " ind2=" " tag="880">
         <subfield code="6">250-03</subfield>
         <subfield code="a">முதற் பதிப்பு</subfield>
      </datafield>
      <datafield ind1=" " ind2=" " tag="260">
         <subfield code="6">880-04</subfield>
         <subfield code="b">tamiḻp puttakālayam</subfield>
         <subfield code="a">ceṉṉai</subfield>
         <subfield code="a">Chennai</subfield>
         <subfield code="c">1998</subfield>
      </datafield>
      <datafield ind1=" " ind2=" " tag="880">
         <subfield code="6">260-04</subfield>
         <subfield code="b">தமிழ்ப் புத்தகாலயம்</subfield>
         <subfield code="a">சென்னை</subfield>
      </datafield>
      <datafield ind1=" " ind2=" " tag="300">
         <subfield code="a">[652] pages</subfield>
      </datafield>
      <datafield ind1=" " ind2=" " tag="500">
         <subfield code="6">880-05</subfield>
         <subfield code="a">poṉṉappapiḷḷai, cu.</subfield>
      </datafield>
      <datafield ind1=" " ind2=" " tag="880">
         <subfield code="6">500-05</subfield>
         <subfield code="a">பொன்னப்பபிள்ளை, சு.</subfield>
      </datafield>
      <datafield ind1=" " ind2=" " tag="653">
         <subfield code="a">History.</subfield>
      </datafield>
      <datafield ind1=" " ind2=" " tag="949">
         <subfield code="a">31761111570289</subfield>
      </datafield>
   </record>