
   <record>
      <leader>00000cam a2200000Ma 4500</leader>
      <controlfield tag="008">202104s1999    ii a          000 0 tam d</controlfield>
      <datafield ind1=" " ind2=" " tag="035">
         <subfield code="a">308623070</subfield>
      </datafield>
      <datafield ind1=" " ind2=" " tag="041">
         <subfield code="a">tam</subfield>
      </datafield>
      <datafield ind1="0" ind2=" " tag="100">
         <subfield code="6">880-01</subfield>
         <subfield code="a">akaḷaṅkaṉ</subfield>
      </datafield>
      <datafield ind1="0" ind2=" " tag="880">
         <subfield code="6">100-01</subfield>
         <subfield code="a">அகளங்கன்</subfield>
      </datafield>
      <datafield ind1="1" ind2="0" tag="245">
         <subfield code="6">880-02</subfield>
         <subfield code="a">kaviñar ஜிṉṉāhviṉ iraṭṭaik kāppiyaṅkaḷ : ōr āyvu</subfield>
      </datafield>
      <datafield ind1="1" ind2="0" tag="880">
         <subfield code="6">245-02</subfield>
         <subfield code="a">கவிஞர் ஜின்னாஹ்வின் இரட்டைக் காப்பியங்கள் : ஓர் ஆய்வு</subfield>
      </datafield>
      <datafield ind1=" " ind2=" " tag="250">
         <subfield code="6">880-03</subfield>
         <subfield code="a">mutaṟ patippu</subfield>
      </datafield>
      <datafield ind1=" " ind2=" " tag="880">
         <subfield code="6">250-03</subfield>
         <subfield code="a">முதற் பதிப்பு</subfield>
      </datafield>
      <datafield ind1=" " ind2=" " tag="260">
         <subfield code="6">880-04</subfield>
         <subfield code="b">aṉṉai veḷiyīṭṭakam</subfield>
         <subfield code="a">tekivaḷai</subfield>
         <subfield code="a">Dehiwala</subfield>
         <subfield code="c">1999</subfield>
      </datafield>
      <datafield ind1=" " ind2=" " tag="880">
         <subfield code="6">260-04</subfield>
         <subfield code="b">அன்னை வெளியீட்டகம்</subfield>
         <subfield code="a">தெகிவளை</subfield>
      </datafield>
      <datafield ind1=" " ind2=" " tag="300">
         <subfield code="a">xvi, 104 pages</subfield>
         <subfield code="c">18 cm</subfield>
      </datafield>
      <datafield ind1=" " ind2=" " tag="500">
         <subfield code="6">880-05</subfield>
         <subfield code="a">tarmarāஜா, eṉ.</subfield>
      </datafield>
      <datafield ind1=" " ind2=" " tag="880">
         <subfield code="6">500-05</subfield>
         <subfield code="a">தர்மராஜா, என்.</subfield>
      </datafield>
      <datafield ind1=" " ind2=" " tag="653">
         <subfield code="a">Tamil literature.</subfield>
      </datafield>
      <datafield ind1=" " ind2=" " tag="949">
         <subfield code="a">31761111570271</subfield>
      </datafield>
   </record>