
   <record>
      <leader>00000cam a2200000Ma 4500</leader>
      <controlfield tag="008">202104s2010    ii a          000 0 tam d</controlfield>
      <datafield ind1=" " ind2=" " tag="035">
         <subfield code="a">950480378</subfield>
      </datafield>
      <datafield ind1=" " ind2=" " tag="041">
         <subfield code="a">tam</subfield>
      </datafield>
      <datafield ind1="0" ind2=" " tag="100">
         <subfield code="6">880-01</subfield>
         <subfield code="a">acōkamittiraṉ</subfield>
      </datafield>
      <datafield ind1="0" ind2=" " tag="880">
         <subfield code="6">100-01</subfield>
         <subfield code="a">அசோகமித்திரன்</subfield>
      </datafield>
      <datafield ind1="1" ind2="0" tag="245">
         <subfield code="6">880-02</subfield>
         <subfield code="a">yuttaṅkaḷukkiṭaiyil...</subfield>
      </datafield>
      <datafield ind1="1" ind2="0" tag="880">
         <subfield code="6">245-02</subfield>
         <subfield code="a">யுத்தங்களுக்கிடையில்...</subfield>
      </datafield>
      <datafield ind1=" " ind2=" " tag="250">
         <subfield code="6">880-03</subfield>
         <subfield code="a">mutaṟ patippu</subfield>
      </datafield>
      <datafield ind1=" " ind2=" " tag="880">
         <subfield code="6">250-03</subfield>
         <subfield code="a">முதற் பதிப்பு</subfield>
      </datafield>
      <datafield ind1=" " ind2=" " tag="260">
         <subfield code="6">880-04</subfield>
         <subfield code="b">narmatā patippakam</subfield>
         <subfield code="a">ceṉṉai</subfield>
         <subfield code="a">Chennai</subfield>
         <subfield code="c">2010</subfield>
      </datafield>
      <datafield ind1=" " ind2=" " tag="880">
         <subfield code="6">260-04</subfield>
         <subfield code="b">நர்மதா பதிப்பகம்</subfield>
         <subfield code="a">சென்னை</subfield>
      </datafield>
      <datafield ind1=" " ind2=" " tag="300">
         <subfield code="a">111 pages</subfield>
         <subfield code="c">22 cm</subfield>
      </datafield>
      <datafield ind1=" " ind2=" " tag="500">
         <subfield code="6">880-05</subfield>
         <subfield code="a">tiyākarāஜṉ, ஜ.</subfield>
      </datafield>
      <datafield ind1=" " ind2=" " tag="880">
         <subfield code="6">500-05</subfield>
         <subfield code="a">தியாகராஜன், ஜ.</subfield>
      </datafield>
      <datafield ind1=" " ind2=" " tag="520">
         <subfield code="a">Story of a family's survival through the Sri Lankan civil war.</subfield>
      </datafield>
      <datafield ind1=" " ind2=" " tag="653">
         <subfield code="a">Fiction.</subfield>
      </datafield>
      <datafield ind1=" " ind2=" " tag="949">
         <subfield code="a">31761111570206</subfield>
      </datafield>
   </record>