
   <record>
      <leader>00000cam a2200000Ma 4500</leader>
      <controlfield tag="008">202104s2008    ii a          000 0 tam d</controlfield>
      <datafield ind1=" " ind2=" " tag="035">
         <subfield code="a">963222141</subfield>
      </datafield>
      <datafield ind1=" " ind2=" " tag="041">
         <subfield code="a">tam</subfield>
      </datafield>
      <datafield ind1="1" ind2=" " tag="100">
         <subfield code="6">880-01</subfield>
         <subfield code="a">atiyamāṉ, paḻa.</subfield>
      </datafield>
      <datafield ind1="1" ind2=" " tag="880">
         <subfield code="6">100-01</subfield>
         <subfield code="a">அதியமான், பழ.</subfield>
      </datafield>
      <datafield ind1="1" ind2="0" tag="245">
         <subfield code="6">880-02</subfield>
         <subfield code="a">cakti vai. kōvintaṉ : tamiḻiṉ muṉṉōṭip patippāḷumai</subfield>
      </datafield>
      <datafield ind1="1" ind2="0" tag="880">
         <subfield code="6">245-02</subfield>
         <subfield code="a">சக்தி வை. கோவிந்தன் : தமிழின் முன்னோடிப் பதிப்பாளுமை</subfield>
      </datafield>
      <datafield ind1=" " ind2=" " tag="250">
         <subfield code="6">880-03</subfield>
         <subfield code="a">mutaṟ patippu</subfield>
      </datafield>
      <datafield ind1=" " ind2=" " tag="880">
         <subfield code="6">250-03</subfield>
         <subfield code="a">முதற் பதிப்பு</subfield>
      </datafield>
      <datafield ind1=" " ind2=" " tag="260">
         <subfield code="6">880-04</subfield>
         <subfield code="b">kālaccuvaṭu patippakam</subfield>
         <subfield code="a">nākarkōvil</subfield>
         <subfield code="a">Nagercoil</subfield>
         <subfield code="c">2008</subfield>
      </datafield>
      <datafield ind1=" " ind2=" " tag="880">
         <subfield code="6">260-04</subfield>
         <subfield code="b">காலச்சுவடு பதிப்பகம்</subfield>
         <subfield code="a">நாகர்கோவில்</subfield>
      </datafield>
      <datafield ind1=" " ind2=" " tag="300">
         <subfield code="a">232 pages</subfield>
         <subfield code="c">22 cm</subfield>
      </datafield>
      <datafield ind1=" " ind2=" " tag="653">
         <subfield code="a">Biography.</subfield>
      </datafield>
      <datafield ind1=" " ind2=" " tag="949">
         <subfield code="a">31761111570214</subfield>
      </datafield>
   </record>