
   <record>
      <leader>00000cam a2200000Ma 4500</leader>
      <controlfield tag="008">202104s2001    ii a          000 0 tam d</controlfield>
      <datafield ind1=" " ind2=" " tag="035">
         <subfield code="a">422852921</subfield>
      </datafield>
      <datafield ind1=" " ind2=" " tag="041">
         <subfield code="a">tam</subfield>
      </datafield>
      <datafield ind1="1" ind2=" " tag="100">
         <subfield code="6">880-01</subfield>
         <subfield code="a">aylayyā, kāñcā</subfield>
      </datafield>
      <datafield ind1="1" ind2=" " tag="880">
         <subfield code="6">100-01</subfield>
         <subfield code="a">அய்லய்யா, காஞ்சா</subfield>
      </datafield>
      <datafield ind1="1" ind2="0" tag="245">
         <subfield code="6">880-02</subfield>
         <subfield code="a">nāṉ ēṉ intu alla : intuttuvā paṟṟiya oru cūttira vimarcaṉam : tattuvam, paṇpāṭu maṟṟum araciyaṟ poruḷātāram</subfield>
      </datafield>
      <datafield ind1="1" ind2="0" tag="880">
         <subfield code="6">245-02</subfield>
         <subfield code="a">நான் ஏன் இந்து அல்ல : இந்துத்துவா பற்றிய ஒரு சூத்திர விமர்சனம் : தத்துவம், பண்பாடு மற்றும் அரசியற் பொருளாதாரம்</subfield>
      </datafield>
      <datafield ind1=" " ind2=" " tag="250">
         <subfield code="6">880-03</subfield>
         <subfield code="a">mutaṟ patippu</subfield>
      </datafield>
      <datafield ind1=" " ind2=" " tag="880">
         <subfield code="6">250-03</subfield>
         <subfield code="a">முதற் பதிப்பு</subfield>
      </datafield>
      <datafield ind1=" " ind2=" " tag="260">
         <subfield code="6">880-04</subfield>
         <subfield code="b">aṭaiyāḷam veḷiyīṭu</subfield>
         <subfield code="a">puttānattam</subfield>
         <subfield code="a">Puthanatham</subfield>
         <subfield code="c">2001</subfield>
      </datafield>
      <datafield ind1=" " ind2=" " tag="880">
         <subfield code="6">260-04</subfield>
         <subfield code="b">அடையாளம் வெளியீடு</subfield>
         <subfield code="a">புத்தாநத்தம்</subfield>
      </datafield>
      <datafield ind1=" " ind2=" " tag="300">
         <subfield code="a">183 pages</subfield>
         <subfield code="c">21 cm</subfield>
      </datafield>
      <datafield ind1=" " ind2=" " tag="653">
         <subfield code="a">Hinduism.</subfield>
      </datafield>
      <datafield ind1="1" ind2=" " tag="700">
         <subfield code="6">880-05</subfield>
         <subfield code="a">murukupāṇṭiyaṉ, rāஜvēl|taṅkavēlu, mu.</subfield>
         <subfield code="e">moḻipeyarppāḷar|moḻipeyarppāḷar</subfield>
         <subfield code="e">translator|translator</subfield>
      </datafield>
      <datafield ind1="1" ind2=" " tag="880">
         <subfield code="6">700-05</subfield>
         <subfield code="a">முருகுபாண்டியன், ராஜவேல்|தங்கவேலு, மு.</subfield>
         <subfield code="e">மொழிபெயர்ப்பாளர்|மொழிபெயர்ப்பாளர்</subfield>
      </datafield>
      <datafield ind1=" " ind2=" " tag="949">
         <subfield code="a">31761111570255</subfield>
      </datafield>
   </record>