
   <record>
      <leader>00000cam a2200000Ma 4500</leader>
      <controlfield tag="008">202104s2003    ii a          000 0 tam d</controlfield>
      <datafield ind1=" " ind2=" " tag="035">
         <subfield code="a">298403463</subfield>
      </datafield>
      <datafield ind1=" " ind2=" " tag="041">
         <subfield code="a">tam</subfield>
      </datafield>
      <datafield ind1="1" ind2=" " tag="100">
         <subfield code="6">880-01</subfield>
         <subfield code="a">irattiṉam, apputturai</subfield>
      </datafield>
      <datafield ind1="1" ind2=" " tag="880">
         <subfield code="6">100-01</subfield>
         <subfield code="a">இரத்தினம், அப்புத்துரை</subfield>
      </datafield>
      <datafield ind1="1" ind2="0" tag="245">
         <subfield code="6">880-02</subfield>
         <subfield code="a">maḻalait tamiḻppāṭal</subfield>
      </datafield>
      <datafield ind1="1" ind2="0" tag="880">
         <subfield code="6">245-02</subfield>
         <subfield code="a">மழலைத் தமிழ்ப்பாடல்</subfield>
      </datafield>
      <datafield ind1=" " ind2=" " tag="250">
         <subfield code="6">880-03</subfield>
         <subfield code="a">mutaṟ patippu</subfield>
      </datafield>
      <datafield ind1=" " ind2=" " tag="880">
         <subfield code="6">250-03</subfield>
         <subfield code="a">முதற் பதிப்பு</subfield>
      </datafield>
      <datafield ind1=" " ind2=" " tag="260">
         <subfield code="6">880-04</subfield>
         <subfield code="b">paṇṭitar ci. apputturai irattiṉam tampatikaḷiṉ pavaḷa viḻāttiṉa veḷiyīṭu</subfield>
         <subfield code="a">iḷavālai</subfield>
         <subfield code="a">Ilavalai</subfield>
         <subfield code="c">2003</subfield>
      </datafield>
      <datafield ind1=" " ind2=" " tag="880">
         <subfield code="6">260-04</subfield>
         <subfield code="b">பண்டிதர் சி. அப்புத்துரை இரத்தினம் தம்பதிகளின் பவள விழாத்தின வெளியீடு</subfield>
         <subfield code="a">இளவாலை</subfield>
      </datafield>
      <datafield ind1=" " ind2=" " tag="300">
         <subfield code="a">x, 50 pages</subfield>
         <subfield code="b">color illustrations</subfield>
         <subfield code="c">25 cm</subfield>
      </datafield>
      <datafield ind1=" " ind2=" " tag="653">
         <subfield code="a">Nursery rhymes.</subfield>
      </datafield>
      <datafield ind1=" " ind2=" " tag="949">
         <subfield code="a">31761111570263</subfield>
      </datafield>
   </record>
</collection>